<?xml version="1.0" encoding="UTF-8"?><record xmlns="http://www.loc.gov/MARC21/slim" xmlns:cinclude="http://apache.org/cocoon/include/1.0" xmlns:zs="http://www.loc.gov/zing/srw/">
  <leader>00680cz  a2200157n  4500</leader>
  <controlfield tag="001">n  82235300 </controlfield>
  <controlfield tag="003">DLC</controlfield>
  <controlfield tag="005">20130315085326.0</controlfield>
  <controlfield tag="008">840103n| azannaab           |a ana      </controlfield>
  <datafield tag="010" ind1=" " ind2=" ">
    <subfield code="a">n  82235300 </subfield>
  </datafield>
  <datafield tag="040" ind1=" " ind2=" ">
    <subfield code="a">DLC</subfield>
    <subfield code="b">eng</subfield>
    <subfield code="e">rda</subfield>
    <subfield code="c">DLC</subfield>
    <subfield code="d">DLC</subfield>
  </datafield>
  <datafield tag="110" ind1="1" ind2=" ">
    <subfield code="a">Upper Merion (Pa. : Township).</subfield>
    <subfield code="b">Engineering Department</subfield>
  </datafield>
  <datafield tag="410" ind1="1" ind2=" ">
    <subfield code="w">nnea</subfield>
    <subfield code="a">Upper Merion (Pa. : Township).</subfield>
    <subfield code="b">Engineering Dept.</subfield>
  </datafield>
  <datafield tag="410" ind1="1" ind2=" ">
    <subfield code="w">nnaa</subfield>
    <subfield code="a">Upper Merion Township, Pa.</subfield>
    <subfield code="b">Engineering Dept.</subfield>
  </datafield>
  <datafield tag="670" ind1=" " ind2=" ">
    <subfield code="a">Berard, W. Official street map, Upper Merion Township, 1980:</subfield>
    <subfield code="b">map recto (Upper Merion Township, Engineering Department, King of Prussia, Pa.)</subfield>
  </datafield>
  <datafield tag="670" ind1=" " ind2=" ">
    <subfield code="a">LC data base, 12-30-83</subfield>
    <subfield code="b">(hdg.: Upper Merion Township, Pa. Engineering Dept.)</subfield>
  </datafield>
</record>